% TAME Programming Language Bibliography

@online{wp:hadamard-product,
  organization = {Wikipedia},
  title =        {Hadamard product (matrices)},
  url =          {https://en.wikipedia.org/wiki/Hadamard_product_(matrices)},
  date =         {2020-05-26},
}
